<?xml version="1.0" encoding="UTF-8"?>
<collection xmlns:xsi="http://www.w3.org/2001/XMLSchema-instance" xsi:schemaLocation="http://www.loc.gov/MARC21/slim http://www.loc.gov/standards/marcxml/schema/MARC21slim.xsd" xmlns="http://www.loc.gov/MARC21/slim">
<record>
  <leader>01066mam a2200277 a 4500</leader>
  <controlfield tag="001">3031588</controlfield>
  <controlfield tag="003">NNC</controlfield>
  <controlfield tag="005">20100225184051.0</controlfield>
  <controlfield tag="008">860429r19841964ir a     d    001 0 arar </controlfield>
  <datafield tag="010" ind1=" " ind2=" ">
    <subfield code="a">  85931778/ne/r93</subfield>
  </datafield>
  <datafield tag="035" ind1=" " ind2=" ">
    <subfield code="a">(OCoLC)13844262</subfield>
  </datafield>
  <datafield tag="035" ind1=" " ind2=" ">
    <subfield code="a">(OCoLC)ocm13844262</subfield>
  </datafield>
  <datafield tag="035" ind1=" " ind2=" ">
    <subfield code="9">ATJ2156CU</subfield>
  </datafield>
  <datafield tag="035" ind1=" " ind2=" ">
    <subfield code="a">(NNC)3031588</subfield>
  </datafield>
  <datafield tag="040" ind1=" " ind2=" ">
    <subfield code="a">DLC</subfield>
    <subfield code="c">DLC</subfield>
    <subfield code="d">DLC</subfield>
  </datafield>
  <datafield tag="050" ind1="0" ind2="0">
    <subfield code="a">PJ6622</subfield>
    <subfield code="b">.M87 1984</subfield>
  </datafield>
  <datafield tag="100" ind1="1" ind2=" ">
    <subfield code="a">Mūsá, Ḥusayn Yūsuf.</subfield>
  </datafield>
  <datafield tag="245" ind1="1" ind2="3">
    <subfield code="a">al-Ifṣāḥ fī fiqh al-lughah /</subfield>
    <subfield code="c">taʾlīf Ḥusayn Yūsuf Mūsá wa-ʻAbd al-Fattāḥ al-Ṣaʻīdī.</subfield>
  </datafield>
  <datafield tag="260" ind1=" " ind2=" ">
    <subfield code="a">Qum :</subfield>
    <subfield code="b">Maktab al-Iʻlām al-Islāmī,</subfield>
    <subfield code="c">1404 [1984]</subfield>
  </datafield>
  <datafield tag="300" ind1=" " ind2=" ">
    <subfield code="a">2 v. ([31], 1396, 83 p.) :</subfield>
    <subfield code="b">ill. ;</subfield>
    <subfield code="c">25 cm.</subfield>
  </datafield>
  <datafield tag="500" ind1=" " ind2=" ">
    <subfield code="a">Based on: al-Mukhaṣṣaṣ / Ibn Sīdah.</subfield>
  </datafield>
  <datafield tag="500" ind1=" " ind2=" ">
    <subfield code="a">Reprint. Originally published: al-Ṭabʻah 2. al-Qāhirah : Dār al-Fikr al-ʻArabī, 1964-1967.</subfield>
  </datafield>
  <datafield tag="500" ind1=" " ind2=" ">
    <subfield code="a">Includes index.</subfield>
  </datafield>
  <datafield tag="650" ind1=" " ind2="0">
    <subfield code="a">Arabic language</subfield>
    <subfield code="v">Dictionaries.</subfield>
  </datafield>
  <datafield tag="700" ind1="1" ind2=" ">
    <subfield code="a">Ṣaʻīdī, ʻAbd al-Fattāḥ.</subfield>
  </datafield>
  <datafield tag="700" ind1="1" ind2=" ">
    <subfield code="a">Ibn Sīdah, ʻAlī ibn Ismāʻīl,</subfield>
    <subfield code="d">1007-1066.</subfield>
    <subfield code="t">Mukhaṣṣaṣ.</subfield>
  </datafield>
  <datafield tag="955" ind1=" " ind2=" ">
    <subfield code="b">0049190857</subfield>
    <subfield code="d">glx</subfield>
    <subfield code="e">PJ6622 .M87 1984</subfield>
    <subfield code="v">v.2</subfield>
  </datafield>
</record>
</collection>